111111111111111111111111111111111111111111111111111111111111111111111111111111111111111111111111111111111111111111111111111111
111111111111111111111111111111111111111111111111111111111111111111111111111111111111111111111111111111111111111111111111111111
111111111111111111111111111111111111111111111111111111111111111111111111111111111111111111111111111111111111111111111111111111
111111111111111111111111111111111111111111111111111111111111111111111111111111111111111111111111111111111111111111111111111111
111111111111111111111111111111111111111111111111111111111111111111111111111111111111111111111111111111111111111111111111111111
111111111111111111111111111111111111111111111111111111111111111111111111111111111111111111111111111111111111111111111111111111
111111111111111111111111111111111111111111111111111111111111111111111111111111111111111111111111111111111111111111111111111111
221111111111111111111111111111111111111111111111111111111111111111111111111111111111111111111111111111111111111111111111111222
221111111111111111111111111111111111111111111111111111111111111111111111111111111111111111111111111111111111111111111111111222
221111111111111111111111111111111111111111111111111111111111111111111111111111111111111111111111111111111111111111111111111222
221111111111111111111111111111111111111111111111111111111111111111111111111111111111111111111111111111111111111111111111111222
221111111111111111111111111111111111111111111111111111111111111111111111111111111111111111111111111111111111111111111111111222
221111111111111111111111111111111111111111111111111111111111111111111111111111111111111111111111111111111111111111111111111222
221111111111111111111111111111111111111111111111111111111111111111111111111111111111111111111111111111111111111111111111111222
221111111111111111111111111111111111111111111111111111111111111111111111111111111111111111111111111111111111111111111111111222
222222111111111111111111111111111111111111111111111111111111111111111111111111111111111111111111111111111111111111112222222222
222222111111111111111111111111111111111111111111111111111111111111111111111111111111111111111111111111111111111111112222222222
222222111111111111111111111111111111111111111111111111111111111111111111111111111111111111111111111111111111111111112222222222
222222111111111111111111111111111111111111111111111111111111111111111111111111111111111111111111111111111111111111112222222222
222222222222222222222222211111111111111111111111111111111111111111111111111111111111111111111111112222222222222222222222222222
222222222222222222222222222222222222211111111111111111111111111111111111111111111111111111222222222222222222222222222222222222
222222222222222222222222222222222222211111111111111111111111111111111111111111111111111111222222222222222222222222222222222222
222222222222222222222222222222222222211111111111111111111111111111111111111111111111111111222222222222222222222222222222222222
222222222222222222222222222222222222211111111111111111111111111111111111111111111111111111222222222222222222222222222222222222
222222222222222222222222222222222222211111111111111111111111111111111111111111111111111111222222222222222222222222222222222222
222222222222222222222222222222222222222222222222221111111111111111111111111222222222222222222222222222222222222322222222222222
222222222222222222222222222222222222222222222222221111111111111111111111111222222222222222222222222222222222222322222222222222
222222222222222222222222222222222222222222222222221111111111111111111111111222222222222222222222222222222222222322222222222222
222222222222222222222222222222222222222222222222221111111111111111111111111222222222222222222222222222222222222322222222222222
222222222222222222222222222222222222222222222222221111111111111111111111111222222222222222222222222222222222222322222222222222
222222222222222222222222222222222222222222222222222222221111111122222222222222222222222222222222222222222222222222222222222222
333333333333333333333333333333333333332222222222222222222222211222222222222222222222222222222222222222222222222233333333333333
333333333333333333333333333333333333332222222222222222222222222222222222222222222222222222222222222222222222222233333333333333
333333333333333333333333333333333333333333332222222222222222222222222222222222222222222222222333333333333333333333333333333333
333333333333333333333333333333333333333333333333333333333333333333322222222222222222233333333333333333333333333333333333333333
333333333333333333333333333333333333333333333333333333333333333333322222222222222222233333333333333333333333333333333333333333
333333333333333333333333333333333333333333333333333333333333333333322222222222222222233333333333333333333333333333333333333333
333333333333333333333333333333333333333333333333333333333333333333322222222222222222233333333333333333333333333333333333333333
333333333333333333333333333333333333333333333333333333333333333333322222222222222222233333333333333333333333333333333333333333
333333333333333333333333333333333333333333333333333333333333333333322222222222222222233333333333333333333333333333333333333333
333333333333333333333333333333333333333333333333333333333333333333322222222222222222233333333333333333333333333333333333333333
333333333333333333333333333333333333333333333333333333333333333333322222222222222222233333333333333333333333333333333333333333
333333333333333333333333333333333333332222222222222222222222222222222222222222222222222222222222222222222222222233333333333333
333333333333333333333333333333333333333333332222222222222222222222222222222222222222222222222333333333333333333333333333333333
333333333333333333333333333333333333333333333333333333333333333333322222222222222222233333333333333333333333333333333333333333
333333333333333333333333333333333333333333333333333333333333333333322222222222222222233333333333333333333333333333333333333333
333333333333333333333333333333333333333333333333333333333333333333322222222222222222233333333333333333333333333333333333333333
333333333333333333333333333333333333333333333333333333333333333333322222222222222222233333333333333333333333333333333333333333
333333333333333333333333333333333333333333333333333333333333333333322222222222222222233333333333333333333333333333333333333333
333333333333333333333333333333333333333333333333333333333333333333322222222222222222233333333333333333333333333333333333333333
333333333333333333333333333333333333333333333333333333333333333333322222222222222222233333333333333333333333333333333333333333
333333333333333333333333333333333333333333333333333333333333333333322222222222222222233333333333333333333333333333333333333333
333333333333333333333333333333333333333333333333333333333333333333322222222222222222233333333333333333333333333333333333333333
333333333333333333333333333333333333333333333333333333333333333333322222222222222222233333333333333333333333333333333333333333
333333333333333333333333333333333333333333333333333333333333333333322222222222222222233333333333333333333333333333333333333333
333333333333333333333333333333333333333333333333333333333333333333322222222222222222233333333333333333333333333333333333333333
333333333333333333333333333333333333333333333333333333333333333333322222222222222222233333333333333333333333333333333333333333
333333333333333333333333333333333333333333333333333333333333333333322222222222222222233333333333333333333333333333333333333333
333333333333333333333333333333333333333333333333333333333333333333322222222222222222233333333333333333333333333333333333333333
333333333333333333333333333333333333333333333333333333333333333333322222222222222222233333333333333333333333333333333333333333
333333333333333333333333333333333333333333333333333333333333333333333222222222222223333333333333333333333333333333333333333333
333333333333333333333333333333333333333333333333333333333333333333333333333322222333333333333333333333333333333333333333333333
333333333333333333333333333333333333333333333333333333333333333333333333333332222223333333333333333333333333333333333333333333

